<?xml version="1.0" encoding="UTF-8"?><collection xmlns="http://www.loc.gov/MARC21/slim"><record><leader>00343nam--2200133-i-4500</leader><controlfield tag="001">000006464</controlfield><controlfield tag="002">20161230</controlfield><controlfield tag="005">20161230201026</controlfield><controlfield tag="008">060222s1000------------r-----000-0-eng-d</controlfield><datafield ind1=" " ind2=" " tag="100"><subfield code="a">Dijkstra, E.W</subfield></datafield><datafield ind1=" " ind2=" " tag="245"><subfield code="a">A primer of algol 60 programming</subfield></datafield><datafield ind1=" " ind2=" " tag="260"><subfield code="a">London, Academic Press, 1962</subfield></datafield><datafield ind1=" " ind2=" " tag="490"><subfield code="a">Apic Studies In Data Processing</subfield></datafield><datafield ind1=" " ind2=" " tag="852"><subfield code="a">681.3</subfield></datafield></record></collection>